% https://github.com/hushidong/biblatex-gb7714-2015?tab=readme-ov-file#jumptotutorial

@Book{Peebles2001-100-100,
  Title      = {Probability, random variable, and random signal Principles and \LaTeX{}},
  Address    = {New York},
  Author     = {von Peebles, Jr., P. Z.},
  Edition    = {4},
  Pages      = {100},
  Publisher  = {McGraw-Hill},
  Year       = {2001},
}
